% Encoding: UTF-8

@Article{Tang-Wai2008,
  author  = {Tang-Wai, David F and Graham, Naida L},
  title   = {Assessment of Language Function in Dementia-Alzheimer... Assessment of Language Function in Dementia Impairment in language is a common finding among individuals with dementia and can be a presenting symptom, particularly in Alzheimer's dementia and primary progressive aphasia. Early recognition of language dysfunction can help with an accurate diagnosis, management, and prognosis. There are numerous established and validated language evaluation protocols. This article provides a simple means for the primary care physician to identify and evaluate language disorders in dementia, but it is not meant to replace established protocols. Assessment of Language Function in Dementia},
  journal = {Geriatrics},
  year    = {2008},
  volume  = {11},
  number  = {2},
  pages   = {103--110},
}

@Article{LeRhun2006,
  author    = {Le Rhun, E and Richard, F and Pasquier, F},
  title     = {Different patterns of Mini Mental Status Examination responses in primary progressive aphasia and Alzheimer's disease},
  journal   = {European journal of neurology},
  year      = {2006},
  volume    = {13},
  number    = {10},
  pages     = {1124--1127},
  publisher = {Wiley Online Library},
}

@Article{Prince2014,
  author        = {Prince, Martin and Knapp, Martin and Guerchet, M and McCrone, Paul and Prina, M and Comas-Herrera, Adelina and Wittenberg, Raphael and Adelaja, Bayo and Hu, B and King, Derek and others},
  title         = {Dementia UK: -overview},
  year          = {2014},
  __markedentry = {[Joe:]},
  publisher     = {Alzheimer’s Society},
}

@Article{Folstein1975,
  author        = {Folstein, Marshal F and Folstein, Susan E and McHugh, Paul R},
  title         = {“Mini-mental state”: a practical method for grading the cognitive state of patients for the clinician},
  journal       = {Journal of psychiatric research},
  year          = {1975},
  volume        = {12},
  number        = {3},
  pages         = {189--198},
  __markedentry = {[Joe:6]},
  publisher     = {Pergamon},
}

@Comment{jabref-meta: databaseType:biblatex;}
